@MISC{travis-ci,
    author = "{Travis CI, GmbH}",
    title  = "{\it Travis Continuous Integration}",
    url    = "https://travis-ci.org/",
    note   = "[Online]",
}
